

@misc{AugmeGL,
  title        = {Augmentor library},
  howpublished = {\url{https://github.com/mdbloice/Augmentor}},
  note         = {Accessed: 2018-07-05}
}

@article{CoRR1,
  author  = {F. N. Iandola and
               M. W. Moskewicz and
               K. Ashraf and
               S. Han and
               W. J. Dally and
               K. Keutzer},
  title   = {SqueezeNet: AlexNet-level accuracy with 50x fewer parameters and {\textless}1MB model size},
  journal = {The Computing Research Repository (CoRR)},
  volume  = {abs/1602.07360},
  year    = {2016},
  url     = {http://arxiv.org/abs/1602.07360}
}

@misc{Dstl,
  title        = {Dstl Satellite Imagery Feature Detection Competition},
  howpublished = {\url{https://deepsense.ai/deep-learning-for-satellite-imagery-via-image-segmentation/}},
  note         = {Accessed: 2018-07-05}
}

@misc{GitRepo,
  title        = {Code Repository on GitLab},
  author       = {N. K\"{u}chler and O. Martinez and S. Fischlin},
  howpublished = {\url{https://gitlab.com/nicolas-kuechler/cil-road-segmentation-2018/tree/master}},
  note         = {Accessed: 2018-07-05}
}

@article{IEEE1,
  author    = {Z. Zhang and Q. Liu and Y. Wang},
  title     = {Road Extraction by Deep Residual U-Net},
  booktitle = {IEEE Geoscience and Remote Sensing Letters},
  number    = {5},
  volume    = {15},
  pages     = {749--753},
  year      = {2018},
  publisher = {IEEE},
  note      = {(available on https://arxiv.org/pdf/1711.10684.pdf)}
}

@misc{KaggleComp,
  title        = {Kaggle Competition},
  howpublished = {\url{https://www.kaggle.com/c/cil-road-segmentation-2018}},
  note         = {Accessed: 2018-07-05}
}

@incollection{NIPS2011_4296,
  title     = {Efficient Inference in Fully Connected CRFs with Gaussian Edge Potentials},
  author    = {P. Kr\"{a}henb\"{u}hl and V. Koltun},
  booktitle = {Advances in Neural Information Processing Systems 24},
  editor    = {J. Shawe-Taylor and R. S. Zemel and P. L. Bartlett and F. Pereira and K. Q. Weinberger},
  pages     = {109--117},
  year      = {2011},
  publisher = {Curran Associates, Inc.},
  url       = {http://papers.nips.cc/paper/4296-efficient-inference-in-fully-connected-crfs-with-gaussian-edge-potentials.pdf}
}

@incollection{NIPS2012_4824,
  title     = {ImageNet Classification with Deep Convolutional Neural Networks},
  author    = {Alex Krizhevsky and Sutskever, Ilya and Hinton, Geoffrey E},
  booktitle = {Advances in Neural Information Processing Systems 25},
  editor    = {F. Pereira and C. J. C. Burges and L. Bottou and K. Q. Weinberger},
  pages     = {1097--1105},
  year      = {2012},
  publisher = {Curran Associates, Inc.},
  url       = {http://papers.nips.cc/paper/4824-imagenet-classification-with-deep-convolutional-neural-networks.pdf}
}


@misc{PydenseGL,
  title        = {PyDenseCRF library},
  howpublished = {\url{https://github.com/lucasb-eyer/pydensecrf}},
  note         = {Accessed: 2018-07-05}
}

@inproceedings{RFB15a,
  author    = {O. Ronneberger and P.Fischer and T. Brox},
  title     = {U-Net: Convolutional Networks for Biomedical Image Segmentation},
  booktitle = {Medical Image Computing and Computer-Assisted Intervention (MICCAI)},
  series    = {LNCS},
  volume    = {9351},
  pages     = {234--241},
  year      = {2015},
  publisher = {Springer},
  note      = {(available on arXiv:1505.04597 [cs.CV])},
  url       = {http://lmb.informatik.uni-freiburg.de/Publications/2015/RFB15a}
}